%YAML 1.1
%TAG !u! tag:unity3d.com,2011:
--- !u!1 &1938680861241774798
GameObject:
  m_ObjectHideFlags: 0
  m_CorrespondingSourceObject: {fileID: 0}
  m_PrefabInstance: {fileID: 0}
  m_PrefabAsset: {fileID: 0}
  serializedVersion: 6
  m_Component:
  - component: {fileID: 7270707463387800274}
  - component: {fileID: 2584179815203668750}
  - component: {fileID: 7037983925715438466}
  - component: {fileID: 3961626361301895309}
  - component: {fileID: 4678107196621382985}
  m_Layer: 0
  m_Name: Quad
  m_TagString: Untagged
  m_Icon: {fileID: 0}
  m_NavMeshLayer: 0
  m_StaticEditorFlags: 0
  m_IsActive: 1
--- !u!4 &7270707463387800274
Transform:
  m_ObjectHideFlags: 0
  m_CorrespondingSourceObject: {fileID: 0}
  m_PrefabInstance: {fileID: 0}
  m_PrefabAsset: {fileID: 0}
  m_GameObject: {fileID: 1938680861241774798}
  m_LocalRotation: {x: -0, y: -0, z: -0, w: 1}
  m_LocalPosition: {x: 0, y: 0, z: 0}
  m_LocalScale: {x: 1, y: 1, z: 1}
  m_Children: []
  m_Father: {fileID: 1523688033295709181}
  m_RootOrder: 3
  m_LocalEulerAnglesHint: {x: 90, y: 60, z: 0}
--- !u!33 &2584179815203668750
MeshFilter:
  m_ObjectHideFlags: 0
  m_CorrespondingSourceObject: {fileID: 0}
  m_PrefabInstance: {fileID: 0}
  m_PrefabAsset: {fileID: 0}
  m_GameObject: {fileID: 1938680861241774798}
  m_Mesh: {fileID: 10210, guid: 0000000000000000e000000000000000, type: 0}
--- !u!23 &7037983925715438466
MeshRenderer:
  m_ObjectHideFlags: 0
  m_CorrespondingSourceObject: {fileID: 0}
  m_PrefabInstance: {fileID: 0}
  m_PrefabAsset: {fileID: 0}
  m_GameObject: {fileID: 1938680861241774798}
  m_Enabled: 1
  m_CastShadows: 1
  m_ReceiveShadows: 1
  m_DynamicOccludee: 1
  m_MotionVectors: 1
  m_LightProbeUsage: 1
  m_ReflectionProbeUsage: 1
  m_RayTracingMode: 2
  m_RenderingLayerMask: 1
  m_RendererPriority: 0
  m_Materials:
  - {fileID: 2100000, guid: 40111461a1344488dae3cdd50ec501db, type: 2}
  m_StaticBatchInfo:
    firstSubMesh: 0
    subMeshCount: 0
  m_StaticBatchRoot: {fileID: 0}
  m_ProbeAnchor: {fileID: 0}
  m_LightProbeVolumeOverride: {fileID: 0}
  m_ScaleInLightmap: 1
  m_ReceiveGI: 1
  m_PreserveUVs: 0
  m_IgnoreNormalsForChartDetection: 0
  m_ImportantGI: 0
  m_StitchLightmapSeams: 1
  m_SelectedEditorRenderState: 3
  m_MinimumChartSize: 4
  m_AutoUVMaxDistance: 0.5
  m_AutoUVMaxAngle: 89
  m_LightmapParameters: {fileID: 0}
  m_SortingLayerID: 0
  m_SortingLayer: 0
  m_SortingOrder: 0
--- !u!64 &3961626361301895309
MeshCollider:
  m_ObjectHideFlags: 0
  m_CorrespondingSourceObject: {fileID: 0}
  m_PrefabInstance: {fileID: 0}
  m_PrefabAsset: {fileID: 0}
  m_GameObject: {fileID: 1938680861241774798}
  m_Material: {fileID: 0}
  m_IsTrigger: 0
  m_Enabled: 1
  serializedVersion: 4
  m_Convex: 0
  m_CookingOptions: 30
  m_Mesh: {fileID: 10210, guid: 0000000000000000e000000000000000, type: 0}
--- !u!114 &4678107196621382985
MonoBehaviour:
  m_ObjectHideFlags: 0
  m_CorrespondingSourceObject: {fileID: 0}
  m_PrefabInstance: {fileID: 0}
  m_PrefabAsset: {fileID: 0}
  m_GameObject: {fileID: 1938680861241774798}
  m_Enabled: 1
  m_EditorHideFlags: 0
  m_Script: {fileID: 11500000, guid: 88c63a81ef24c418f86fc1ae86a53ed5, type: 3}
  m_Name: 
  m_EditorClassIdentifier: 
  isScrolling: 1
  isLine: 0
  material: {fileID: 0}
  speed: -0.005
--- !u!1 &2194600674526582023
GameObject:
  m_ObjectHideFlags: 0
  m_CorrespondingSourceObject: {fileID: 0}
  m_PrefabInstance: {fileID: 0}
  m_PrefabAsset: {fileID: 0}
  serializedVersion: 6
  m_Component:
  - component: {fileID: 2194600674526582022}
  m_Layer: 0
  m_Name: HoleObstacle 3
  m_TagString: Untagged
  m_Icon: {fileID: 0}
  m_NavMeshLayer: 0
  m_StaticEditorFlags: 0
  m_IsActive: 1
--- !u!4 &2194600674526582022
Transform:
  m_ObjectHideFlags: 0
  m_CorrespondingSourceObject: {fileID: 0}
  m_PrefabInstance: {fileID: 0}
  m_PrefabAsset: {fileID: 0}
  m_GameObject: {fileID: 2194600674526582023}
  m_LocalRotation: {x: 0, y: 0.5, z: -0, w: -0.8660254}
  m_LocalPosition: {x: -0.8809998, y: 1, z: -1.434}
  m_LocalScale: {x: 12, y: 12, z: 12}
  m_Children:
  - {fileID: 1523688033295709181}
  - {fileID: 2637096783979693911}
  - {fileID: 9001779580477597270}
  - {fileID: 9211229028540458367}
  m_Father: {fileID: 0}
  m_RootOrder: 0
  m_LocalEulerAnglesHint: {x: 0, y: 300, z: 0}
--- !u!1 &2553883919150877404
GameObject:
  m_ObjectHideFlags: 0
  m_CorrespondingSourceObject: {fileID: 0}
  m_PrefabInstance: {fileID: 0}
  m_PrefabAsset: {fileID: 0}
  serializedVersion: 6
  m_Component:
  - component: {fileID: 2637096783979693911}
  m_Layer: 0
  m_Name: Hole3Stufs
  m_TagString: Untagged
  m_Icon: {fileID: 0}
  m_NavMeshLayer: 0
  m_StaticEditorFlags: 0
  m_IsActive: 1
--- !u!4 &2637096783979693911
Transform:
  m_ObjectHideFlags: 0
  m_CorrespondingSourceObject: {fileID: 0}
  m_PrefabInstance: {fileID: 0}
  m_PrefabAsset: {fileID: 0}
  m_GameObject: {fileID: 2553883919150877404}
  m_LocalRotation: {x: 0, y: 0, z: 0, w: 1}
  m_LocalPosition: {x: 0.417, y: 0, z: -0.139}
  m_LocalScale: {x: 1, y: 1, z: 1}
  m_Children:
  - {fileID: 5318030560144314910}
  - {fileID: 3100607156993636196}
  - {fileID: 387097875942047545}
  - {fileID: 6561319564629212030}
  - {fileID: 8785897265491554417}
  m_Father: {fileID: 2194600674526582022}
  m_RootOrder: 1
  m_LocalEulerAnglesHint: {x: 0, y: 0, z: 0}
--- !u!1 &4532620541075038256
GameObject:
  m_ObjectHideFlags: 0
  m_CorrespondingSourceObject: {fileID: 0}
  m_PrefabInstance: {fileID: 0}
  m_PrefabAsset: {fileID: 0}
  serializedVersion: 6
  m_Component:
  - component: {fileID: 5318030560144314910}
  - component: {fileID: 5485671216081225340}
  - component: {fileID: 4607337181028956931}
  - component: {fileID: 2876803844904583165}
  - component: {fileID: 6606483479360880621}
  m_Layer: 0
  m_Name: Quad (2)
  m_TagString: Untagged
  m_Icon: {fileID: 0}
  m_NavMeshLayer: 0
  m_StaticEditorFlags: 0
  m_IsActive: 1
--- !u!4 &5318030560144314910
Transform:
  m_ObjectHideFlags: 0
  m_CorrespondingSourceObject: {fileID: 0}
  m_PrefabInstance: {fileID: 0}
  m_PrefabAsset: {fileID: 0}
  m_GameObject: {fileID: 4532620541075038256}
  m_LocalRotation: {x: 0.61237246, y: 0.3535534, z: -0.3535534, w: 0.61237246}
  m_LocalPosition: {x: 0.07100001, y: 0, z: 0.049999997}
  m_LocalScale: {x: 0.20000002, y: 0.27, z: 0.2}
  m_Children: []
  m_Father: {fileID: 2637096783979693911}
  m_RootOrder: 0
  m_LocalEulerAnglesHint: {x: 90, y: 60, z: 0}
--- !u!33 &5485671216081225340
MeshFilter:
  m_ObjectHideFlags: 0
  m_CorrespondingSourceObject: {fileID: 0}
  m_PrefabInstance: {fileID: 0}
  m_PrefabAsset: {fileID: 0}
  m_GameObject: {fileID: 4532620541075038256}
  m_Mesh: {fileID: 10210, guid: 0000000000000000e000000000000000, type: 0}
--- !u!23 &4607337181028956931
MeshRenderer:
  m_ObjectHideFlags: 0
  m_CorrespondingSourceObject: {fileID: 0}
  m_PrefabInstance: {fileID: 0}
  m_PrefabAsset: {fileID: 0}
  m_GameObject: {fileID: 4532620541075038256}
  m_Enabled: 1
  m_CastShadows: 1
  m_ReceiveShadows: 1
  m_DynamicOccludee: 1
  m_MotionVectors: 1
  m_LightProbeUsage: 1
  m_ReflectionProbeUsage: 1
  m_RayTracingMode: 2
  m_RenderingLayerMask: 1
  m_RendererPriority: 0
  m_Materials:
  - {fileID: 2100000, guid: 40111461a1344488dae3cdd50ec501db, type: 2}
  m_StaticBatchInfo:
    firstSubMesh: 0
    subMeshCount: 0
  m_StaticBatchRoot: {fileID: 0}
  m_ProbeAnchor: {fileID: 0}
  m_LightProbeVolumeOverride: {fileID: 0}
  m_ScaleInLightmap: 1
  m_ReceiveGI: 1
  m_PreserveUVs: 0
  m_IgnoreNormalsForChartDetection: 0
  m_ImportantGI: 0
  m_StitchLightmapSeams: 1
  m_SelectedEditorRenderState: 3
  m_MinimumChartSize: 4
  m_AutoUVMaxDistance: 0.5
  m_AutoUVMaxAngle: 89
  m_LightmapParameters: {fileID: 0}
  m_SortingLayerID: 0
  m_SortingLayer: 0
  m_SortingOrder: 0
--- !u!64 &2876803844904583165
MeshCollider:
  m_ObjectHideFlags: 0
  m_CorrespondingSourceObject: {fileID: 0}
  m_PrefabInstance: {fileID: 0}
  m_PrefabAsset: {fileID: 0}
  m_GameObject: {fileID: 4532620541075038256}
  m_Material: {fileID: 0}
  m_IsTrigger: 0
  m_Enabled: 1
  serializedVersion: 4
  m_Convex: 0
  m_CookingOptions: 30
  m_Mesh: {fileID: 10210, guid: 0000000000000000e000000000000000, type: 0}
--- !u!114 &6606483479360880621
MonoBehaviour:
  m_ObjectHideFlags: 0
  m_CorrespondingSourceObject: {fileID: 0}
  m_PrefabInstance: {fileID: 0}
  m_PrefabAsset: {fileID: 0}
  m_GameObject: {fileID: 4532620541075038256}
  m_Enabled: 1
  m_EditorHideFlags: 0
  m_Script: {fileID: 11500000, guid: 88c63a81ef24c418f86fc1ae86a53ed5, type: 3}
  m_Name: 
  m_EditorClassIdentifier: 
  isScrolling: 1
  isLine: 0
  material: {fileID: 0}
  speed: -0.005
--- !u!1 &5740443843628612422
GameObject:
  m_ObjectHideFlags: 0
  m_CorrespondingSourceObject: {fileID: 0}
  m_PrefabInstance: {fileID: 0}
  m_PrefabAsset: {fileID: 0}
  serializedVersion: 6
  m_Component:
  - component: {fileID: 1523688033295709181}
  m_Layer: 0
  m_Name: Hole4Stuffs
  m_TagString: Untagged
  m_Icon: {fileID: 0}
  m_NavMeshLayer: 0
  m_StaticEditorFlags: 0
  m_IsActive: 1
--- !u!4 &1523688033295709181
Transform:
  m_ObjectHideFlags: 0
  m_CorrespondingSourceObject: {fileID: 0}
  m_PrefabInstance: {fileID: 0}
  m_PrefabAsset: {fileID: 0}
  m_GameObject: {fileID: 5740443843628612422}
  m_LocalRotation: {x: 0.61237246, y: 0.3535534, z: -0.3535534, w: 0.61237246}
  m_LocalPosition: {x: 0.322, y: 0, z: 0.201}
  m_LocalScale: {x: 0.20000002, y: 0.27, z: 0.2}
  m_Children:
  - {fileID: 6561319564396094869}
  - {fileID: 5686108358190095518}
  - {fileID: 8828275062311048603}
  - {fileID: 7270707463387800274}
  - {fileID: 7454534479834152591}
  m_Father: {fileID: 2194600674526582022}
  m_RootOrder: 0
  m_LocalEulerAnglesHint: {x: 0, y: 0, z: 0}
--- !u!1 &6042664018753356013
GameObject:
  m_ObjectHideFlags: 0
  m_CorrespondingSourceObject: {fileID: 0}
  m_PrefabInstance: {fileID: 0}
  m_PrefabAsset: {fileID: 0}
  serializedVersion: 6
  m_Component:
  - component: {fileID: 9001779580477597270}
  m_Layer: 0
  m_Name: Hole5Stufs
  m_TagString: Untagged
  m_Icon: {fileID: 0}
  m_NavMeshLayer: 0
  m_StaticEditorFlags: 0
  m_IsActive: 1
--- !u!4 &9001779580477597270
Transform:
  m_ObjectHideFlags: 0
  m_CorrespondingSourceObject: {fileID: 0}
  m_PrefabInstance: {fileID: 0}
  m_PrefabAsset: {fileID: 0}
  m_GameObject: {fileID: 6042664018753356013}
  m_LocalRotation: {x: 0.61237246, y: 0.3535534, z: -0.3535534, w: 0.61237246}
  m_LocalPosition: {x: 0.167, y: 0, z: 0.498}
  m_LocalScale: {x: 0.20000002, y: 0.27, z: 0.2}
  m_Children:
  - {fileID: 7631007047319025519}
  - {fileID: 1073960317667195213}
  - {fileID: 2874515211495760550}
  - {fileID: 6561319564275738911}
  - {fileID: 2377354319597700055}
  m_Father: {fileID: 2194600674526582022}
  m_RootOrder: 2
  m_LocalEulerAnglesHint: {x: 0, y: 0, z: 0}
--- !u!1 &6670058025483822305
GameObject:
  m_ObjectHideFlags: 0
  m_CorrespondingSourceObject: {fileID: 0}
  m_PrefabInstance: {fileID: 0}
  m_PrefabAsset: {fileID: 0}
  serializedVersion: 6
  m_Component:
  - component: {fileID: 387097875942047545}
  - component: {fileID: 5110522876143914666}
  - component: {fileID: 6181463686651279695}
  - component: {fileID: 5031553804652857352}
  m_Layer: 0
  m_Name: Cube (5)
  m_TagString: Untagged
  m_Icon: {fileID: 0}
  m_NavMeshLayer: 0
  m_StaticEditorFlags: 0
  m_IsActive: 1
--- !u!4 &387097875942047545
Transform:
  m_ObjectHideFlags: 0
  m_CorrespondingSourceObject: {fileID: 0}
  m_PrefabInstance: {fileID: 0}
  m_PrefabAsset: {fileID: 0}
  m_GameObject: {fileID: 6670058025483822305}
  m_LocalRotation: {x: 0.33141357, y: 0.46193978, z: -0.19134171, w: 0.8001032}
  m_LocalPosition: {x: 0.32299995, y: -0.128, z: 0.20299998}
  m_LocalScale: {x: 0.20000002, y: 0.19999997, z: 0.19999997}
  m_Children: []
  m_Father: {fileID: 2637096783979693911}
  m_RootOrder: 2
  m_LocalEulerAnglesHint: {x: 45, y: 60, z: 0}
--- !u!33 &5110522876143914666
MeshFilter:
  m_ObjectHideFlags: 0
  m_CorrespondingSourceObject: {fileID: 0}
  m_PrefabInstance: {fileID: 0}
  m_PrefabAsset: {fileID: 0}
  m_GameObject: {fileID: 6670058025483822305}
  m_Mesh: {fileID: 10202, guid: 0000000000000000e000000000000000, type: 0}
--- !u!23 &6181463686651279695
MeshRenderer:
  m_ObjectHideFlags: 0
  m_CorrespondingSourceObject: {fileID: 0}
  m_PrefabInstance: {fileID: 0}
  m_PrefabAsset: {fileID: 0}
  m_GameObject: {fileID: 6670058025483822305}
  m_Enabled: 1
  m_CastShadows: 1
  m_ReceiveShadows: 1
  m_DynamicOccludee: 1
  m_MotionVectors: 1
  m_LightProbeUsage: 1
  m_ReflectionProbeUsage: 1
  m_RayTracingMode: 2
  m_RenderingLayerMask: 1
  m_RendererPriority: 0
  m_Materials:
  - {fileID: 2100000, guid: eaa2cad656a6245ee9674d123c277800, type: 2}
  m_StaticBatchInfo:
    firstSubMesh: 0
    subMeshCount: 0
  m_StaticBatchRoot: {fileID: 0}
  m_ProbeAnchor: {fileID: 0}
  m_LightProbeVolumeOverride: {fileID: 0}
  m_ScaleInLightmap: 1
  m_ReceiveGI: 1
  m_PreserveUVs: 0
  m_IgnoreNormalsForChartDetection: 0
  m_ImportantGI: 0
  m_StitchLightmapSeams: 1
  m_SelectedEditorRenderState: 3
  m_MinimumChartSize: 4
  m_AutoUVMaxDistance: 0.5
  m_AutoUVMaxAngle: 89
  m_LightmapParameters: {fileID: 0}
  m_SortingLayerID: 0
  m_SortingLayer: 0
  m_SortingOrder: 0
--- !u!65 &5031553804652857352
BoxCollider:
  m_ObjectHideFlags: 0
  m_CorrespondingSourceObject: {fileID: 0}
  m_PrefabInstance: {fileID: 0}
  m_PrefabAsset: {fileID: 0}
  m_GameObject: {fileID: 6670058025483822305}
  m_Material: {fileID: 0}
  m_IsTrigger: 0
  m_Enabled: 1
  serializedVersion: 2
  m_Size: {x: 1, y: 1, z: 1}
  m_Center: {x: -0.000000059604645, y: 0, z: -0.00000023841858}
--- !u!1 &6933415245356690455
GameObject:
  m_ObjectHideFlags: 0
  m_CorrespondingSourceObject: {fileID: 0}
  m_PrefabInstance: {fileID: 0}
  m_PrefabAsset: {fileID: 0}
  serializedVersion: 6
  m_Component:
  - component: {fileID: 3100607156993636196}
  - component: {fileID: 4015819568378834858}
  - component: {fileID: 8130733847001676467}
  - component: {fileID: 1614422729328856242}
  m_Layer: 0
  m_Name: Cube (2)
  m_TagString: Untagged
  m_Icon: {fileID: 0}
  m_NavMeshLayer: 0
  m_StaticEditorFlags: 0
  m_IsActive: 1
--- !u!4 &3100607156993636196
Transform:
  m_ObjectHideFlags: 0
  m_CorrespondingSourceObject: {fileID: 0}
  m_PrefabInstance: {fileID: 0}
  m_PrefabAsset: {fileID: 0}
  m_GameObject: {fileID: 6933415245356690455}
  m_LocalRotation: {x: 0.33141357, y: 0.46193978, z: -0.19134171, w: 0.8001032}
  m_LocalPosition: {x: -0.241, y: -0.128, z: -0.12200004}
  m_LocalScale: {x: 0.20000002, y: 0.19999997, z: 0.19999997}
  m_Children: []
  m_Father: {fileID: 2637096783979693911}
  m_RootOrder: 1
  m_LocalEulerAnglesHint: {x: 45, y: 60, z: 0}
--- !u!33 &4015819568378834858
MeshFilter:
  m_ObjectHideFlags: 0
  m_CorrespondingSourceObject: {fileID: 0}
  m_PrefabInstance: {fileID: 0}
  m_PrefabAsset: {fileID: 0}
  m_GameObject: {fileID: 6933415245356690455}
  m_Mesh: {fileID: 10202, guid: 0000000000000000e000000000000000, type: 0}
--- !u!23 &8130733847001676467
MeshRenderer:
  m_ObjectHideFlags: 0
  m_CorrespondingSourceObject: {fileID: 0}
  m_PrefabInstance: {fileID: 0}
  m_PrefabAsset: {fileID: 0}
  m_GameObject: {fileID: 6933415245356690455}
  m_Enabled: 1
  m_CastShadows: 1
  m_ReceiveShadows: 1
  m_DynamicOccludee: 1
  m_MotionVectors: 1
  m_LightProbeUsage: 1
  m_ReflectionProbeUsage: 1
  m_RayTracingMode: 2
  m_RenderingLayerMask: 1
  m_RendererPriority: 0
  m_Materials:
  - {fileID: 2100000, guid: eaa2cad656a6245ee9674d123c277800, type: 2}
  m_StaticBatchInfo:
    firstSubMesh: 0
    subMeshCount: 0
  m_StaticBatchRoot: {fileID: 0}
  m_ProbeAnchor: {fileID: 0}
  m_LightProbeVolumeOverride: {fileID: 0}
  m_ScaleInLightmap: 1
  m_ReceiveGI: 1
  m_PreserveUVs: 0
  m_IgnoreNormalsForChartDetection: 0
  m_ImportantGI: 0
  m_StitchLightmapSeams: 1
  m_SelectedEditorRenderState: 3
  m_MinimumChartSize: 4
  m_AutoUVMaxDistance: 0.5
  m_AutoUVMaxAngle: 89
  m_LightmapParameters: {fileID: 0}
  m_SortingLayerID: 0
  m_SortingLayer: 0
  m_SortingOrder: 0
--- !u!65 &1614422729328856242
BoxCollider:
  m_ObjectHideFlags: 0
  m_CorrespondingSourceObject: {fileID: 0}
  m_PrefabInstance: {fileID: 0}
  m_PrefabAsset: {fileID: 0}
  m_GameObject: {fileID: 6933415245356690455}
  m_Material: {fileID: 0}
  m_IsTrigger: 0
  m_Enabled: 1
  serializedVersion: 2
  m_Size: {x: 1, y: 1, z: 1}
  m_Center: {x: -0.000000059604645, y: 0, z: -0.00000023841858}
--- !u!1 &7326749728229081860
GameObject:
  m_ObjectHideFlags: 0
  m_CorrespondingSourceObject: {fileID: 0}
  m_PrefabInstance: {fileID: 0}
  m_PrefabAsset: {fileID: 0}
  serializedVersion: 6
  m_Component:
  - component: {fileID: 7631007047319025519}
  - component: {fileID: 474333159641483339}
  - component: {fileID: 208342722006673702}
  - component: {fileID: 4566648459165890020}
  - component: {fileID: 3826257952303067401}
  m_Layer: 0
  m_Name: Quad (1)
  m_TagString: Untagged
  m_Icon: {fileID: 0}
  m_NavMeshLayer: 0
  m_StaticEditorFlags: 0
  m_IsActive: 1
--- !u!4 &7631007047319025519
Transform:
  m_ObjectHideFlags: 0
  m_CorrespondingSourceObject: {fileID: 0}
  m_PrefabInstance: {fileID: 0}
  m_PrefabAsset: {fileID: 0}
  m_GameObject: {fileID: 7326749728229081860}
  m_LocalRotation: {x: -0, y: -0, z: -0, w: 1}
  m_LocalPosition: {x: 0, y: 0, z: 0}
  m_LocalScale: {x: 1, y: 1, z: 1}
  m_Children: []
  m_Father: {fileID: 9001779580477597270}
  m_RootOrder: 0
  m_LocalEulerAnglesHint: {x: 90, y: 60, z: 0}
--- !u!33 &474333159641483339
MeshFilter:
  m_ObjectHideFlags: 0
  m_CorrespondingSourceObject: {fileID: 0}
  m_PrefabInstance: {fileID: 0}
  m_PrefabAsset: {fileID: 0}
  m_GameObject: {fileID: 7326749728229081860}
  m_Mesh: {fileID: 10210, guid: 0000000000000000e000000000000000, type: 0}
--- !u!23 &208342722006673702
MeshRenderer:
  m_ObjectHideFlags: 0
  m_CorrespondingSourceObject: {fileID: 0}
  m_PrefabInstance: {fileID: 0}
  m_PrefabAsset: {fileID: 0}
  m_GameObject: {fileID: 7326749728229081860}
  m_Enabled: 1
  m_CastShadows: 1
  m_ReceiveShadows: 1
  m_DynamicOccludee: 1
  m_MotionVectors: 1
  m_LightProbeUsage: 1
  m_ReflectionProbeUsage: 1
  m_RayTracingMode: 2
  m_RenderingLayerMask: 1
  m_RendererPriority: 0
  m_Materials:
  - {fileID: 2100000, guid: 40111461a1344488dae3cdd50ec501db, type: 2}
  m_StaticBatchInfo:
    firstSubMesh: 0
    subMeshCount: 0
  m_StaticBatchRoot: {fileID: 0}
  m_ProbeAnchor: {fileID: 0}
  m_LightProbeVolumeOverride: {fileID: 0}
  m_ScaleInLightmap: 1
  m_ReceiveGI: 1
  m_PreserveUVs: 0
  m_IgnoreNormalsForChartDetection: 0
  m_ImportantGI: 0
  m_StitchLightmapSeams: 1
  m_SelectedEditorRenderState: 3
  m_MinimumChartSize: 4
  m_AutoUVMaxDistance: 0.5
  m_AutoUVMaxAngle: 89
  m_LightmapParameters: {fileID: 0}
  m_SortingLayerID: 0
  m_SortingLayer: 0
  m_SortingOrder: 0
--- !u!64 &4566648459165890020
MeshCollider:
  m_ObjectHideFlags: 0
  m_CorrespondingSourceObject: {fileID: 0}
  m_PrefabInstance: {fileID: 0}
  m_PrefabAsset: {fileID: 0}
  m_GameObject: {fileID: 7326749728229081860}
  m_Material: {fileID: 0}
  m_IsTrigger: 0
  m_Enabled: 1
  serializedVersion: 4
  m_Convex: 0
  m_CookingOptions: 30
  m_Mesh: {fileID: 10210, guid: 0000000000000000e000000000000000, type: 0}
--- !u!114 &3826257952303067401
MonoBehaviour:
  m_ObjectHideFlags: 0
  m_CorrespondingSourceObject: {fileID: 0}
  m_PrefabInstance: {fileID: 0}
  m_PrefabAsset: {fileID: 0}
  m_GameObject: {fileID: 7326749728229081860}
  m_Enabled: 1
  m_EditorHideFlags: 0
  m_Script: {fileID: 11500000, guid: 88c63a81ef24c418f86fc1ae86a53ed5, type: 3}
  m_Name: 
  m_EditorClassIdentifier: 
  isScrolling: 1
  isLine: 0
  material: {fileID: 0}
  speed: -0.005
--- !u!1 &7365463284601628829
GameObject:
  m_ObjectHideFlags: 0
  m_CorrespondingSourceObject: {fileID: 0}
  m_PrefabInstance: {fileID: 0}
  m_PrefabAsset: {fileID: 0}
  serializedVersion: 6
  m_Component:
  - component: {fileID: 5686108358190095518}
  - component: {fileID: 3542135030376169459}
  - component: {fileID: 1012608305403462800}
  - component: {fileID: 8394671734481896044}
  m_Layer: 0
  m_Name: Cube
  m_TagString: Untagged
  m_Icon: {fileID: 0}
  m_NavMeshLayer: 0
  m_StaticEditorFlags: 0
  m_IsActive: 1
--- !u!4 &5686108358190095518
Transform:
  m_ObjectHideFlags: 0
  m_CorrespondingSourceObject: {fileID: 0}
  m_PrefabInstance: {fileID: 0}
  m_PrefabAsset: {fileID: 0}
  m_GameObject: {fileID: 7365463284601628829}
  m_LocalRotation: {x: -0.38268343, y: -0, z: -0, w: 0.9238795}
  m_LocalPosition: {x: 0.045519765, y: -1.3208575, z: 0.6500001}
  m_LocalScale: {x: 1, y: 0.8510638, z: 0.85106367}
  m_Children: []
  m_Father: {fileID: 1523688033295709181}
  m_RootOrder: 1
  m_LocalEulerAnglesHint: {x: 45, y: 60, z: 0}
--- !u!33 &3542135030376169459
MeshFilter:
  m_ObjectHideFlags: 0
  m_CorrespondingSourceObject: {fileID: 0}
  m_PrefabInstance: {fileID: 0}
  m_PrefabAsset: {fileID: 0}
  m_GameObject: {fileID: 7365463284601628829}
  m_Mesh: {fileID: 10202, guid: 0000000000000000e000000000000000, type: 0}
--- !u!23 &1012608305403462800
MeshRenderer:
  m_ObjectHideFlags: 0
  m_CorrespondingSourceObject: {fileID: 0}
  m_PrefabInstance: {fileID: 0}
  m_PrefabAsset: {fileID: 0}
  m_GameObject: {fileID: 7365463284601628829}
  m_Enabled: 1
  m_CastShadows: 1
  m_ReceiveShadows: 1
  m_DynamicOccludee: 1
  m_MotionVectors: 1
  m_LightProbeUsage: 1
  m_ReflectionProbeUsage: 1
  m_RayTracingMode: 2
  m_RenderingLayerMask: 1
  m_RendererPriority: 0
  m_Materials:
  - {fileID: 2100000, guid: eaa2cad656a6245ee9674d123c277800, type: 2}
  m_StaticBatchInfo:
    firstSubMesh: 0
    subMeshCount: 0
  m_StaticBatchRoot: {fileID: 0}
  m_ProbeAnchor: {fileID: 0}
  m_LightProbeVolumeOverride: {fileID: 0}
  m_ScaleInLightmap: 1
  m_ReceiveGI: 1
  m_PreserveUVs: 0
  m_IgnoreNormalsForChartDetection: 0
  m_ImportantGI: 0
  m_StitchLightmapSeams: 1
  m_SelectedEditorRenderState: 3
  m_MinimumChartSize: 4
  m_AutoUVMaxDistance: 0.5
  m_AutoUVMaxAngle: 89
  m_LightmapParameters: {fileID: 0}
  m_SortingLayerID: 0
  m_SortingLayer: 0
  m_SortingOrder: 0
--- !u!65 &8394671734481896044
BoxCollider:
  m_ObjectHideFlags: 0
  m_CorrespondingSourceObject: {fileID: 0}
  m_PrefabInstance: {fileID: 0}
  m_PrefabAsset: {fileID: 0}
  m_GameObject: {fileID: 7365463284601628829}
  m_Material: {fileID: 0}
  m_IsTrigger: 0
  m_Enabled: 1
  serializedVersion: 2
  m_Size: {x: 1, y: 1, z: 1}
  m_Center: {x: -0.000000059604645, y: 0, z: -0.00000023841858}
--- !u!1 &7401216875707421160
GameObject:
  m_ObjectHideFlags: 0
  m_CorrespondingSourceObject: {fileID: 0}
  m_PrefabInstance: {fileID: 0}
  m_PrefabAsset: {fileID: 0}
  serializedVersion: 6
  m_Component:
  - component: {fileID: 8828275062311048603}
  - component: {fileID: 5306080095359715062}
  - component: {fileID: 4168231930652771318}
  - component: {fileID: 1287632095385582122}
  m_Layer: 0
  m_Name: Cube (3)
  m_TagString: Untagged
  m_Icon: {fileID: 0}
  m_NavMeshLayer: 0
  m_StaticEditorFlags: 0
  m_IsActive: 1
--- !u!4 &8828275062311048603
Transform:
  m_ObjectHideFlags: 0
  m_CorrespondingSourceObject: {fileID: 0}
  m_PrefabInstance: {fileID: 0}
  m_PrefabAsset: {fileID: 0}
  m_GameObject: {fileID: 7401216875707421160}
  m_LocalRotation: {x: -0.38268343, y: -0, z: -0, w: 0.9238795}
  m_LocalPosition: {x: 0.048228238, y: 1.0900253, z: 0.65}
  m_LocalScale: {x: 1, y: 0.8510638, z: 0.85106367}
  m_Children: []
  m_Father: {fileID: 1523688033295709181}
  m_RootOrder: 2
  m_LocalEulerAnglesHint: {x: 45, y: 60, z: 0}
--- !u!33 &5306080095359715062
MeshFilter:
  m_ObjectHideFlags: 0
  m_CorrespondingSourceObject: {fileID: 0}
  m_PrefabInstance: {fileID: 0}
  m_PrefabAsset: {fileID: 0}
  m_GameObject: {fileID: 7401216875707421160}
  m_Mesh: {fileID: 10202, guid: 0000000000000000e000000000000000, type: 0}
--- !u!23 &4168231930652771318
MeshRenderer:
  m_ObjectHideFlags: 0
  m_CorrespondingSourceObject: {fileID: 0}
  m_PrefabInstance: {fileID: 0}
  m_PrefabAsset: {fileID: 0}
  m_GameObject: {fileID: 7401216875707421160}
  m_Enabled: 1
  m_CastShadows: 1
  m_ReceiveShadows: 1
  m_DynamicOccludee: 1
  m_MotionVectors: 1
  m_LightProbeUsage: 1
  m_ReflectionProbeUsage: 1
  m_RayTracingMode: 2
  m_RenderingLayerMask: 1
  m_RendererPriority: 0
  m_Materials:
  - {fileID: 2100000, guid: eaa2cad656a6245ee9674d123c277800, type: 2}
  m_StaticBatchInfo:
    firstSubMesh: 0
    subMeshCount: 0
  m_StaticBatchRoot: {fileID: 0}
  m_ProbeAnchor: {fileID: 0}
  m_LightProbeVolumeOverride: {fileID: 0}
  m_ScaleInLightmap: 1
  m_ReceiveGI: 1
  m_PreserveUVs: 0
  m_IgnoreNormalsForChartDetection: 0
  m_ImportantGI: 0
  m_StitchLightmapSeams: 1
  m_SelectedEditorRenderState: 3
  m_MinimumChartSize: 4
  m_AutoUVMaxDistance: 0.5
  m_AutoUVMaxAngle: 89
  m_LightmapParameters: {fileID: 0}
  m_SortingLayerID: 0
  m_SortingLayer: 0
  m_SortingOrder: 0
--- !u!65 &1287632095385582122
BoxCollider:
  m_ObjectHideFlags: 0
  m_CorrespondingSourceObject: {fileID: 0}
  m_PrefabInstance: {fileID: 0}
  m_PrefabAsset: {fileID: 0}
  m_GameObject: {fileID: 7401216875707421160}
  m_Material: {fileID: 0}
  m_IsTrigger: 0
  m_Enabled: 1
  serializedVersion: 2
  m_Size: {x: 1, y: 1, z: 1}
  m_Center: {x: -0.000000059604645, y: 0, z: -0.00000023841858}
--- !u!1 &8303130807529842840
GameObject:
  m_ObjectHideFlags: 0
  m_CorrespondingSourceObject: {fileID: 0}
  m_PrefabInstance: {fileID: 0}
  m_PrefabAsset: {fileID: 0}
  serializedVersion: 6
  m_Component:
  - component: {fileID: 2874515211495760550}
  - component: {fileID: 4944419114285974815}
  - component: {fileID: 6514769349717064077}
  - component: {fileID: 5116463991208211238}
  m_Layer: 0
  m_Name: Cube (4)
  m_TagString: Untagged
  m_Icon: {fileID: 0}
  m_NavMeshLayer: 0
  m_StaticEditorFlags: 0
  m_IsActive: 1
--- !u!4 &2874515211495760550
Transform:
  m_ObjectHideFlags: 0
  m_CorrespondingSourceObject: {fileID: 0}
  m_PrefabInstance: {fileID: 0}
  m_PrefabAsset: {fileID: 0}
  m_GameObject: {fileID: 8303130807529842840}
  m_LocalRotation: {x: -0.38268343, y: -0, z: -0, w: 0.9238795}
  m_LocalPosition: {x: -0.087640315, y: 1.1023715, z: 0.645}
  m_LocalScale: {x: 1, y: 0.8510638, z: 0.85106367}
  m_Children: []
  m_Father: {fileID: 9001779580477597270}
  m_RootOrder: 2
  m_LocalEulerAnglesHint: {x: 45, y: 60, z: 0}
--- !u!33 &4944419114285974815
MeshFilter:
  m_ObjectHideFlags: 0
  m_CorrespondingSourceObject: {fileID: 0}
  m_PrefabInstance: {fileID: 0}
  m_PrefabAsset: {fileID: 0}
  m_GameObject: {fileID: 8303130807529842840}
  m_Mesh: {fileID: 10202, guid: 0000000000000000e000000000000000, type: 0}
--- !u!23 &6514769349717064077
MeshRenderer:
  m_ObjectHideFlags: 0
  m_CorrespondingSourceObject: {fileID: 0}
  m_PrefabInstance: {fileID: 0}
  m_PrefabAsset: {fileID: 0}
  m_GameObject: {fileID: 8303130807529842840}
  m_Enabled: 1
  m_CastShadows: 1
  m_ReceiveShadows: 1
  m_DynamicOccludee: 1
  m_MotionVectors: 1
  m_LightProbeUsage: 1
  m_ReflectionProbeUsage: 1
  m_RayTracingMode: 2
  m_RenderingLayerMask: 1
  m_RendererPriority: 0
  m_Materials:
  - {fileID: 2100000, guid: eaa2cad656a6245ee9674d123c277800, type: 2}
  m_StaticBatchInfo:
    firstSubMesh: 0
    subMeshCount: 0
  m_StaticBatchRoot: {fileID: 0}
  m_ProbeAnchor: {fileID: 0}
  m_LightProbeVolumeOverride: {fileID: 0}
  m_ScaleInLightmap: 1
  m_ReceiveGI: 1
  m_PreserveUVs: 0
  m_IgnoreNormalsForChartDetection: 0
  m_ImportantGI: 0
  m_StitchLightmapSeams: 1
  m_SelectedEditorRenderState: 3
  m_MinimumChartSize: 4
  m_AutoUVMaxDistance: 0.5
  m_AutoUVMaxAngle: 89
  m_LightmapParameters: {fileID: 0}
  m_SortingLayerID: 0
  m_SortingLayer: 0
  m_SortingOrder: 0
--- !u!65 &5116463991208211238
BoxCollider:
  m_ObjectHideFlags: 0
  m_CorrespondingSourceObject: {fileID: 0}
  m_PrefabInstance: {fileID: 0}
  m_PrefabAsset: {fileID: 0}
  m_GameObject: {fileID: 8303130807529842840}
  m_Material: {fileID: 0}
  m_IsTrigger: 0
  m_Enabled: 1
  serializedVersion: 2
  m_Size: {x: 1, y: 1, z: 1}
  m_Center: {x: -0.000000059604645, y: 0, z: -0.00000023841858}
--- !u!1 &9004206896720828617
GameObject:
  m_ObjectHideFlags: 0
  m_CorrespondingSourceObject: {fileID: 0}
  m_PrefabInstance: {fileID: 0}
  m_PrefabAsset: {fileID: 0}
  serializedVersion: 6
  m_Component:
  - component: {fileID: 1073960317667195213}
  - component: {fileID: 5997626409719869263}
  - component: {fileID: 7728514603914419809}
  - component: {fileID: 4233781358094850422}
  m_Layer: 0
  m_Name: Cube (1)
  m_TagString: Untagged
  m_Icon: {fileID: 0}
  m_NavMeshLayer: 0
  m_StaticEditorFlags: 0
  m_IsActive: 1
--- !u!4 &1073960317667195213
Transform:
  m_ObjectHideFlags: 0
  m_CorrespondingSourceObject: {fileID: 0}
  m_PrefabInstance: {fileID: 0}
  m_PrefabAsset: {fileID: 0}
  m_GameObject: {fileID: 9004206896720828617}
  m_LocalRotation: {x: -0.38268343, y: -0, z: -0, w: 0.9238795}
  m_LocalPosition: {x: -0.090349235, y: -1.308511, z: 0.6450001}
  m_LocalScale: {x: 1, y: 0.8510638, z: 0.85106367}
  m_Children: []
  m_Father: {fileID: 9001779580477597270}
  m_RootOrder: 1
  m_LocalEulerAnglesHint: {x: 45, y: 60, z: 0}
--- !u!33 &5997626409719869263
MeshFilter:
  m_ObjectHideFlags: 0
  m_CorrespondingSourceObject: {fileID: 0}
  m_PrefabInstance: {fileID: 0}
  m_PrefabAsset: {fileID: 0}
  m_GameObject: {fileID: 9004206896720828617}
  m_Mesh: {fileID: 10202, guid: 0000000000000000e000000000000000, type: 0}
--- !u!23 &7728514603914419809
MeshRenderer:
  m_ObjectHideFlags: 0
  m_CorrespondingSourceObject: {fileID: 0}
  m_PrefabInstance: {fileID: 0}
  m_PrefabAsset: {fileID: 0}
  m_GameObject: {fileID: 9004206896720828617}
  m_Enabled: 1
  m_CastShadows: 1
  m_ReceiveShadows: 1
  m_DynamicOccludee: 1
  m_MotionVectors: 1
  m_LightProbeUsage: 1
  m_ReflectionProbeUsage: 1
  m_RayTracingMode: 2
  m_RenderingLayerMask: 1
  m_RendererPriority: 0
  m_Materials:
  - {fileID: 2100000, guid: eaa2cad656a6245ee9674d123c277800, type: 2}
  m_StaticBatchInfo:
    firstSubMesh: 0
    subMeshCount: 0
  m_StaticBatchRoot: {fileID: 0}
  m_ProbeAnchor: {fileID: 0}
  m_LightProbeVolumeOverride: {fileID: 0}
  m_ScaleInLightmap: 1
  m_ReceiveGI: 1
  m_PreserveUVs: 0
  m_IgnoreNormalsForChartDetection: 0
  m_ImportantGI: 0
  m_StitchLightmapSeams: 1
  m_SelectedEditorRenderState: 3
  m_MinimumChartSize: 4
  m_AutoUVMaxDistance: 0.5
  m_AutoUVMaxAngle: 89
  m_LightmapParameters: {fileID: 0}
  m_SortingLayerID: 0
  m_SortingLayer: 0
  m_SortingOrder: 0
--- !u!65 &4233781358094850422
BoxCollider:
  m_ObjectHideFlags: 0
  m_CorrespondingSourceObject: {fileID: 0}
  m_PrefabInstance: {fileID: 0}
  m_PrefabAsset: {fileID: 0}
  m_GameObject: {fileID: 9004206896720828617}
  m_Material: {fileID: 0}
  m_IsTrigger: 0
  m_Enabled: 1
  serializedVersion: 2
  m_Size: {x: 1, y: 1, z: 1}
  m_Center: {x: -0.000000059604645, y: 0, z: -0.00000023841858}
--- !u!1001 &2194600675648750085
PrefabInstance:
  m_ObjectHideFlags: 0
  serializedVersion: 2
  m_Modification:
    m_TransformParent: {fileID: 9001779580477597270}
    m_Modifications:
    - target: {fileID: -4216859302048453862, guid: d936d865d10094a4394c73d1bceffcad,
        type: 3}
      propertyPath: m_LocalPosition.x
      value: 0.03699645
      objectReference: {fileID: 0}
    - target: {fileID: -4216859302048453862, guid: d936d865d10094a4394c73d1bceffcad,
        type: 3}
      propertyPath: m_LocalPosition.y
      value: -0.3451264
      objectReference: {fileID: 0}
    - target: {fileID: -4216859302048453862, guid: d936d865d10094a4394c73d1bceffcad,
        type: 3}
      propertyPath: m_LocalPosition.z
      value: 0.27500007
      objectReference: {fileID: 0}
    - target: {fileID: -4216859302048453862, guid: d936d865d10094a4394c73d1bceffcad,
        type: 3}
      propertyPath: m_LocalRotation.x
      value: -0.009155749
      objectReference: {fileID: 0}
    - target: {fileID: -4216859302048453862, guid: d936d865d10094a4394c73d1bceffcad,
        type: 3}
      propertyPath: m_LocalRotation.y
      value: -0.7070475
      objectReference: {fileID: 0}
    - target: {fileID: -4216859302048453862, guid: d936d865d10094a4394c73d1bceffcad,
        type: 3}
      propertyPath: m_LocalRotation.z
      value: 0.7070475
      objectReference: {fileID: 0}
    - target: {fileID: -4216859302048453862, guid: d936d865d10094a4394c73d1bceffcad,
        type: 3}
      propertyPath: m_LocalRotation.w
      value: 0.009155749
      objectReference: {fileID: 0}
    - target: {fileID: -4216859302048453862, guid: d936d865d10094a4394c73d1bceffcad,
        type: 3}
      propertyPath: m_RootOrder
      value: 3
      objectReference: {fileID: 0}
    - target: {fileID: -4216859302048453862, guid: d936d865d10094a4394c73d1bceffcad,
        type: 3}
      propertyPath: m_LocalEulerAnglesHint.x
      value: 0
      objectReference: {fileID: 0}
    - target: {fileID: -4216859302048453862, guid: d936d865d10094a4394c73d1bceffcad,
        type: 3}
      propertyPath: m_LocalEulerAnglesHint.y
      value: -118.51601
      objectReference: {fileID: 0}
    - target: {fileID: -4216859302048453862, guid: d936d865d10094a4394c73d1bceffcad,
        type: 3}
      propertyPath: m_LocalEulerAnglesHint.z
      value: 0
      objectReference: {fileID: 0}
    - target: {fileID: -4216859302048453862, guid: d936d865d10094a4394c73d1bceffcad,
        type: 3}
      propertyPath: m_LocalScale.x
      value: 99.97652
      objectReference: {fileID: 0}
    - target: {fileID: -4216859302048453862, guid: d936d865d10094a4394c73d1bceffcad,
        type: 3}
      propertyPath: m_LocalScale.y
      value: 89.999985
      objectReference: {fileID: 0}
    - target: {fileID: -4216859302048453862, guid: d936d865d10094a4394c73d1bceffcad,
        type: 3}
      propertyPath: m_LocalScale.z
      value: 859.40857
      objectReference: {fileID: 0}
    - target: {fileID: -1504981713932161579, guid: d936d865d10094a4394c73d1bceffcad,
        type: 3}
      propertyPath: m_Materials.Array.data[0]
      value: 
      objectReference: {fileID: 2100000, guid: eaa2cad656a6245ee9674d123c277800, type: 2}
    - target: {fileID: -927199367670048503, guid: d936d865d10094a4394c73d1bceffcad,
        type: 3}
      propertyPath: m_Name
      value: Hole (5)
      objectReference: {fileID: 0}
    m_RemovedComponents: []
  m_SourcePrefab: {fileID: 100100000, guid: d936d865d10094a4394c73d1bceffcad, type: 3}
--- !u!4 &6561319564275738911 stripped
Transform:
  m_CorrespondingSourceObject: {fileID: -4216859302048453862, guid: d936d865d10094a4394c73d1bceffcad,
    type: 3}
  m_PrefabInstance: {fileID: 2194600675648750085}
  m_PrefabAsset: {fileID: 0}
--- !u!1001 &2194600675722120847
PrefabInstance:
  m_ObjectHideFlags: 0
  serializedVersion: 2
  m_Modification:
    m_TransformParent: {fileID: 1523688033295709181}
    m_Modifications:
    - target: {fileID: -4216859302048453862, guid: d936d865d10094a4394c73d1bceffcad,
        type: 3}
      propertyPath: m_LocalPosition.x
      value: 0.063273065
      objectReference: {fileID: 0}
    - target: {fileID: -4216859302048453862, guid: d936d865d10094a4394c73d1bceffcad,
        type: 3}
      propertyPath: m_LocalPosition.y
      value: -0.32770956
      objectReference: {fileID: 0}
    - target: {fileID: -4216859302048453862, guid: d936d865d10094a4394c73d1bceffcad,
        type: 3}
      propertyPath: m_LocalPosition.z
      value: 0.27500007
      objectReference: {fileID: 0}
    - target: {fileID: -4216859302048453862, guid: d936d865d10094a4394c73d1bceffcad,
        type: 3}
      propertyPath: m_LocalRotation.x
      value: -0.009155749
      objectReference: {fileID: 0}
    - target: {fileID: -4216859302048453862, guid: d936d865d10094a4394c73d1bceffcad,
        type: 3}
      propertyPath: m_LocalRotation.y
      value: -0.7070475
      objectReference: {fileID: 0}
    - target: {fileID: -4216859302048453862, guid: d936d865d10094a4394c73d1bceffcad,
        type: 3}
      propertyPath: m_LocalRotation.z
      value: 0.7070475
      objectReference: {fileID: 0}
    - target: {fileID: -4216859302048453862, guid: d936d865d10094a4394c73d1bceffcad,
        type: 3}
      propertyPath: m_LocalRotation.w
      value: 0.009155749
      objectReference: {fileID: 0}
    - target: {fileID: -4216859302048453862, guid: d936d865d10094a4394c73d1bceffcad,
        type: 3}
      propertyPath: m_RootOrder
      value: 0
      objectReference: {fileID: 0}
    - target: {fileID: -4216859302048453862, guid: d936d865d10094a4394c73d1bceffcad,
        type: 3}
      propertyPath: m_LocalEulerAnglesHint.x
      value: 0
      objectReference: {fileID: 0}
    - target: {fileID: -4216859302048453862, guid: d936d865d10094a4394c73d1bceffcad,
        type: 3}
      propertyPath: m_LocalEulerAnglesHint.y
      value: -118.51601
      objectReference: {fileID: 0}
    - target: {fileID: -4216859302048453862, guid: d936d865d10094a4394c73d1bceffcad,
        type: 3}
      propertyPath: m_LocalEulerAnglesHint.z
      value: 0
      objectReference: {fileID: 0}
    - target: {fileID: -4216859302048453862, guid: d936d865d10094a4394c73d1bceffcad,
        type: 3}
      propertyPath: m_LocalScale.x
      value: 99.97652
      objectReference: {fileID: 0}
    - target: {fileID: -4216859302048453862, guid: d936d865d10094a4394c73d1bceffcad,
        type: 3}
      propertyPath: m_LocalScale.y
      value: 89.999985
      objectReference: {fileID: 0}
    - target: {fileID: -4216859302048453862, guid: d936d865d10094a4394c73d1bceffcad,
        type: 3}
      propertyPath: m_LocalScale.z
      value: 859.40857
      objectReference: {fileID: 0}
    - target: {fileID: -1504981713932161579, guid: d936d865d10094a4394c73d1bceffcad,
        type: 3}
      propertyPath: m_Materials.Array.data[0]
      value: 
      objectReference: {fileID: 2100000, guid: eaa2cad656a6245ee9674d123c277800, type: 2}
    - target: {fileID: -927199367670048503, guid: d936d865d10094a4394c73d1bceffcad,
        type: 3}
      propertyPath: m_Name
      value: Hole (4)
      objectReference: {fileID: 0}
    m_RemovedComponents: []
  m_SourcePrefab: {fileID: 100100000, guid: d936d865d10094a4394c73d1bceffcad, type: 3}
--- !u!4 &6561319564396094869 stripped
Transform:
  m_CorrespondingSourceObject: {fileID: -4216859302048453862, guid: d936d865d10094a4394c73d1bceffcad,
    type: 3}
  m_PrefabInstance: {fileID: 2194600675722120847}
  m_PrefabAsset: {fileID: 0}
--- !u!1001 &2194600675954053220
PrefabInstance:
  m_ObjectHideFlags: 0
  serializedVersion: 2
  m_Modification:
    m_TransformParent: {fileID: 2637096783979693911}
    m_Modifications:
    - target: {fileID: -4216859302048453862, guid: d936d865d10094a4394c73d1bceffcad,
        type: 3}
      propertyPath: m_LocalPosition.x
      value: -0.010000005
      objectReference: {fileID: 0}
    - target: {fileID: -4216859302048453862, guid: d936d865d10094a4394c73d1bceffcad,
        type: 3}
      propertyPath: m_LocalPosition.y
      value: -0.055
      objectReference: {fileID: 0}
    - target: {fileID: -4216859302048453862, guid: d936d865d10094a4394c73d1bceffcad,
        type: 3}
      propertyPath: m_LocalPosition.z
      value: 0
      objectReference: {fileID: 0}
    - target: {fileID: -4216859302048453862, guid: d936d865d10094a4394c73d1bceffcad,
        type: 3}
      propertyPath: m_LocalRotation.x
      value: -0
      objectReference: {fileID: 0}
    - target: {fileID: -4216859302048453862, guid: d936d865d10094a4394c73d1bceffcad,
        type: 3}
      propertyPath: m_LocalRotation.y
      value: -0.8594787
      objectReference: {fileID: 0}
    - target: {fileID: -4216859302048453862, guid: d936d865d10094a4394c73d1bceffcad,
        type: 3}
      propertyPath: m_LocalRotation.z
      value: -0
      objectReference: {fileID: 0}
    - target: {fileID: -4216859302048453862, guid: d936d865d10094a4394c73d1bceffcad,
        type: 3}
      propertyPath: m_LocalRotation.w
      value: 0.5111716
      objectReference: {fileID: 0}
    - target: {fileID: -4216859302048453862, guid: d936d865d10094a4394c73d1bceffcad,
        type: 3}
      propertyPath: m_RootOrder
      value: 3
      objectReference: {fileID: 0}
    - target: {fileID: -4216859302048453862, guid: d936d865d10094a4394c73d1bceffcad,
        type: 3}
      propertyPath: m_LocalEulerAnglesHint.x
      value: 0
      objectReference: {fileID: 0}
    - target: {fileID: -4216859302048453862, guid: d936d865d10094a4394c73d1bceffcad,
        type: 3}
      propertyPath: m_LocalEulerAnglesHint.y
      value: -118.51601
      objectReference: {fileID: 0}
    - target: {fileID: -4216859302048453862, guid: d936d865d10094a4394c73d1bceffcad,
        type: 3}
      propertyPath: m_LocalEulerAnglesHint.z
      value: 0
      objectReference: {fileID: 0}
    - target: {fileID: -4216859302048453862, guid: d936d865d10094a4394c73d1bceffcad,
        type: 3}
      propertyPath: m_LocalScale.x
      value: 20
      objectReference: {fileID: 0}
    - target: {fileID: -4216859302048453862, guid: d936d865d10094a4394c73d1bceffcad,
        type: 3}
      propertyPath: m_LocalScale.y
      value: 18
      objectReference: {fileID: 0}
    - target: {fileID: -4216859302048453862, guid: d936d865d10094a4394c73d1bceffcad,
        type: 3}
      propertyPath: m_LocalScale.z
      value: 232
      objectReference: {fileID: 0}
    - target: {fileID: -1504981713932161579, guid: d936d865d10094a4394c73d1bceffcad,
        type: 3}
      propertyPath: m_Materials.Array.data[0]
      value: 
      objectReference: {fileID: 2100000, guid: eaa2cad656a6245ee9674d123c277800, type: 2}
    - target: {fileID: -927199367670048503, guid: d936d865d10094a4394c73d1bceffcad,
        type: 3}
      propertyPath: m_Name
      value: Hole (3)
      objectReference: {fileID: 0}
    m_RemovedComponents: []
  m_SourcePrefab: {fileID: 100100000, guid: d936d865d10094a4394c73d1bceffcad, type: 3}
--- !u!4 &6561319564629212030 stripped
Transform:
  m_CorrespondingSourceObject: {fileID: -4216859302048453862, guid: d936d865d10094a4394c73d1bceffcad,
    type: 3}
  m_PrefabInstance: {fileID: 2194600675954053220}
  m_PrefabAsset: {fileID: 0}
--- !u!1001 &2874365755802563103
PrefabInstance:
  m_ObjectHideFlags: 0
  serializedVersion: 2
  m_Modification:
    m_TransformParent: {fileID: 9001779580477597270}
    m_Modifications:
    - target: {fileID: 512780635487875528, guid: 6daa7eabe00984e80a860f46cdb2b7d8,
        type: 3}
      propertyPath: m_LocalPosition.x
      value: 0.04
      objectReference: {fileID: 0}
    - target: {fileID: 512780635487875528, guid: 6daa7eabe00984e80a860f46cdb2b7d8,
        type: 3}
      propertyPath: m_LocalPosition.y
      value: -1.498
      objectReference: {fileID: 0}
    - target: {fileID: 512780635487875528, guid: 6daa7eabe00984e80a860f46cdb2b7d8,
        type: 3}
      propertyPath: m_LocalPosition.z
      value: 0.16
      objectReference: {fileID: 0}
    - target: {fileID: 512780635487875528, guid: 6daa7eabe00984e80a860f46cdb2b7d8,
        type: 3}
      propertyPath: m_LocalRotation.x
      value: -0.009155751
      objectReference: {fileID: 0}
    - target: {fileID: 512780635487875528, guid: 6daa7eabe00984e80a860f46cdb2b7d8,
        type: 3}
      propertyPath: m_LocalRotation.y
      value: -0.7070475
      objectReference: {fileID: 0}
    - target: {fileID: 512780635487875528, guid: 6daa7eabe00984e80a860f46cdb2b7d8,
        type: 3}
      propertyPath: m_LocalRotation.z
      value: 0.7070475
      objectReference: {fileID: 0}
    - target: {fileID: 512780635487875528, guid: 6daa7eabe00984e80a860f46cdb2b7d8,
        type: 3}
      propertyPath: m_LocalRotation.w
      value: 0.009155751
      objectReference: {fileID: 0}
    - target: {fileID: 512780635487875528, guid: 6daa7eabe00984e80a860f46cdb2b7d8,
        type: 3}
      propertyPath: m_RootOrder
      value: 4
      objectReference: {fileID: 0}
    - target: {fileID: 512780635487875528, guid: 6daa7eabe00984e80a860f46cdb2b7d8,
        type: 3}
      propertyPath: m_LocalEulerAnglesHint.x
      value: 0
      objectReference: {fileID: 0}
    - target: {fileID: 512780635487875528, guid: 6daa7eabe00984e80a860f46cdb2b7d8,
        type: 3}
      propertyPath: m_LocalEulerAnglesHint.y
      value: 0
      objectReference: {fileID: 0}
    - target: {fileID: 512780635487875528, guid: 6daa7eabe00984e80a860f46cdb2b7d8,
        type: 3}
      propertyPath: m_LocalEulerAnglesHint.z
      value: 0
      objectReference: {fileID: 0}
    - target: {fileID: 512780635487875528, guid: 6daa7eabe00984e80a860f46cdb2b7d8,
        type: 3}
      propertyPath: m_LocalScale.x
      value: 0.09997652
      objectReference: {fileID: 0}
    - target: {fileID: 512780635487875528, guid: 6daa7eabe00984e80a860f46cdb2b7d8,
        type: 3}
      propertyPath: m_LocalScale.y
      value: 0.89999986
      objectReference: {fileID: 0}
    - target: {fileID: 512780635487875528, guid: 6daa7eabe00984e80a860f46cdb2b7d8,
        type: 3}
      propertyPath: m_LocalScale.z
      value: 0.8594086
      objectReference: {fileID: 0}
    - target: {fileID: 6710421339617342136, guid: 6daa7eabe00984e80a860f46cdb2b7d8,
        type: 3}
      propertyPath: m_Name
      value: ObstacleRemover
      objectReference: {fileID: 0}
    m_RemovedComponents: []
  m_SourcePrefab: {fileID: 100100000, guid: 6daa7eabe00984e80a860f46cdb2b7d8, type: 3}
--- !u!4 &2377354319597700055 stripped
Transform:
  m_CorrespondingSourceObject: {fileID: 512780635487875528, guid: 6daa7eabe00984e80a860f46cdb2b7d8,
    type: 3}
  m_PrefabInstance: {fileID: 2874365755802563103}
  m_PrefabAsset: {fileID: 0}
--- !u!1001 &6948509797085761351
PrefabInstance:
  m_ObjectHideFlags: 0
  serializedVersion: 2
  m_Modification:
    m_TransformParent: {fileID: 1523688033295709181}
    m_Modifications:
    - target: {fileID: 512780635487875528, guid: 6daa7eabe00984e80a860f46cdb2b7d8,
        type: 3}
      propertyPath: m_LocalPosition.x
      value: 0.07
      objectReference: {fileID: 0}
    - target: {fileID: 512780635487875528, guid: 6daa7eabe00984e80a860f46cdb2b7d8,
        type: 3}
      propertyPath: m_LocalPosition.y
      value: -1.488
      objectReference: {fileID: 0}
    - target: {fileID: 512780635487875528, guid: 6daa7eabe00984e80a860f46cdb2b7d8,
        type: 3}
      propertyPath: m_LocalPosition.z
      value: 0.16
      objectReference: {fileID: 0}
    - target: {fileID: 512780635487875528, guid: 6daa7eabe00984e80a860f46cdb2b7d8,
        type: 3}
      propertyPath: m_LocalRotation.x
      value: -0.00915572
      objectReference: {fileID: 0}
    - target: {fileID: 512780635487875528, guid: 6daa7eabe00984e80a860f46cdb2b7d8,
        type: 3}
      propertyPath: m_LocalRotation.y
      value: -0.7070475
      objectReference: {fileID: 0}
    - target: {fileID: 512780635487875528, guid: 6daa7eabe00984e80a860f46cdb2b7d8,
        type: 3}
      propertyPath: m_LocalRotation.z
      value: 0.7070475
      objectReference: {fileID: 0}
    - target: {fileID: 512780635487875528, guid: 6daa7eabe00984e80a860f46cdb2b7d8,
        type: 3}
      propertyPath: m_LocalRotation.w
      value: 0.00915572
      objectReference: {fileID: 0}
    - target: {fileID: 512780635487875528, guid: 6daa7eabe00984e80a860f46cdb2b7d8,
        type: 3}
      propertyPath: m_RootOrder
      value: 4
      objectReference: {fileID: 0}
    - target: {fileID: 512780635487875528, guid: 6daa7eabe00984e80a860f46cdb2b7d8,
        type: 3}
      propertyPath: m_LocalEulerAnglesHint.x
      value: 0
      objectReference: {fileID: 0}
    - target: {fileID: 512780635487875528, guid: 6daa7eabe00984e80a860f46cdb2b7d8,
        type: 3}
      propertyPath: m_LocalEulerAnglesHint.y
      value: 0
      objectReference: {fileID: 0}
    - target: {fileID: 512780635487875528, guid: 6daa7eabe00984e80a860f46cdb2b7d8,
        type: 3}
      propertyPath: m_LocalEulerAnglesHint.z
      value: 0
      objectReference: {fileID: 0}
    - target: {fileID: 512780635487875528, guid: 6daa7eabe00984e80a860f46cdb2b7d8,
        type: 3}
      propertyPath: m_LocalScale.x
      value: 0.099976525
      objectReference: {fileID: 0}
    - target: {fileID: 512780635487875528, guid: 6daa7eabe00984e80a860f46cdb2b7d8,
        type: 3}
      propertyPath: m_LocalScale.y
      value: 0.89999986
      objectReference: {fileID: 0}
    - target: {fileID: 512780635487875528, guid: 6daa7eabe00984e80a860f46cdb2b7d8,
        type: 3}
      propertyPath: m_LocalScale.z
      value: 0.8594087
      objectReference: {fileID: 0}
    - target: {fileID: 6710421339617342136, guid: 6daa7eabe00984e80a860f46cdb2b7d8,
        type: 3}
      propertyPath: m_Name
      value: ObstacleRemover
      objectReference: {fileID: 0}
    m_RemovedComponents: []
  m_SourcePrefab: {fileID: 100100000, guid: 6daa7eabe00984e80a860f46cdb2b7d8, type: 3}
--- !u!4 &7454534479834152591 stripped
Transform:
  m_CorrespondingSourceObject: {fileID: 512780635487875528, guid: 6daa7eabe00984e80a860f46cdb2b7d8,
    type: 3}
  m_PrefabInstance: {fileID: 6948509797085761351}
  m_PrefabAsset: {fileID: 0}
--- !u!1001 &7278654758834382279
PrefabInstance:
  m_ObjectHideFlags: 0
  serializedVersion: 2
  m_Modification:
    m_TransformParent: {fileID: 2194600674526582022}
    m_Modifications:
    - target: {fileID: 1933770541612400824, guid: ff01c394dc1fe4e67ae4219363ee8ed8,
        type: 3}
      propertyPath: m_LocalPosition.x
      value: -0.229
      objectReference: {fileID: 0}
    - target: {fileID: 1933770541612400824, guid: ff01c394dc1fe4e67ae4219363ee8ed8,
        type: 3}
      propertyPath: m_LocalPosition.y
      value: -0.04
      objectReference: {fileID: 0}
    - target: {fileID: 1933770541612400824, guid: ff01c394dc1fe4e67ae4219363ee8ed8,
        type: 3}
      propertyPath: m_LocalPosition.z
      value: -0.133
      objectReference: {fileID: 0}
    - target: {fileID: 1933770541612400824, guid: ff01c394dc1fe4e67ae4219363ee8ed8,
        type: 3}
      propertyPath: m_LocalRotation.x
      value: 0
      objectReference: {fileID: 0}
    - target: {fileID: 1933770541612400824, guid: ff01c394dc1fe4e67ae4219363ee8ed8,
        type: 3}
      propertyPath: m_LocalRotation.y
      value: 0
      objectReference: {fileID: 0}
    - target: {fileID: 1933770541612400824, guid: ff01c394dc1fe4e67ae4219363ee8ed8,
        type: 3}
      propertyPath: m_LocalRotation.z
      value: 0
      objectReference: {fileID: 0}
    - target: {fileID: 1933770541612400824, guid: ff01c394dc1fe4e67ae4219363ee8ed8,
        type: 3}
      propertyPath: m_LocalRotation.w
      value: 1
      objectReference: {fileID: 0}
    - target: {fileID: 1933770541612400824, guid: ff01c394dc1fe4e67ae4219363ee8ed8,
        type: 3}
      propertyPath: m_RootOrder
      value: 3
      objectReference: {fileID: 0}
    - target: {fileID: 1933770541612400824, guid: ff01c394dc1fe4e67ae4219363ee8ed8,
        type: 3}
      propertyPath: m_LocalEulerAnglesHint.x
      value: 0
      objectReference: {fileID: 0}
    - target: {fileID: 1933770541612400824, guid: ff01c394dc1fe4e67ae4219363ee8ed8,
        type: 3}
      propertyPath: m_LocalEulerAnglesHint.y
      value: 0
      objectReference: {fileID: 0}
    - target: {fileID: 1933770541612400824, guid: ff01c394dc1fe4e67ae4219363ee8ed8,
        type: 3}
      propertyPath: m_LocalEulerAnglesHint.z
      value: 0
      objectReference: {fileID: 0}
    - target: {fileID: 1933770541612400824, guid: ff01c394dc1fe4e67ae4219363ee8ed8,
        type: 3}
      propertyPath: m_LocalScale.x
      value: 1
      objectReference: {fileID: 0}
    - target: {fileID: 1933770541612400824, guid: ff01c394dc1fe4e67ae4219363ee8ed8,
        type: 3}
      propertyPath: m_LocalScale.y
      value: 1
      objectReference: {fileID: 0}
    - target: {fileID: 1933770541612400824, guid: ff01c394dc1fe4e67ae4219363ee8ed8,
        type: 3}
      propertyPath: m_LocalScale.z
      value: 1
      objectReference: {fileID: 0}
    - target: {fileID: 1933770541612400827, guid: ff01c394dc1fe4e67ae4219363ee8ed8,
        type: 3}
      propertyPath: m_Name
      value: StoppingPedestal
      objectReference: {fileID: 0}
    m_RemovedComponents: []
  m_SourcePrefab: {fileID: 100100000, guid: ff01c394dc1fe4e67ae4219363ee8ed8, type: 3}
--- !u!4 &9211229028540458367 stripped
Transform:
  m_CorrespondingSourceObject: {fileID: 1933770541612400824, guid: ff01c394dc1fe4e67ae4219363ee8ed8,
    type: 3}
  m_PrefabInstance: {fileID: 7278654758834382279}
  m_PrefabAsset: {fileID: 0}
--- !u!1001 &9146815542140010937
PrefabInstance:
  m_ObjectHideFlags: 0
  serializedVersion: 2
  m_Modification:
    m_TransformParent: {fileID: 2637096783979693911}
    m_Modifications:
    - target: {fileID: 512780635487875528, guid: 6daa7eabe00984e80a860f46cdb2b7d8,
        type: 3}
      propertyPath: m_LocalPosition.x
      value: -0.28047156
      objectReference: {fileID: 0}
    - target: {fileID: 512780635487875528, guid: 6daa7eabe00984e80a860f46cdb2b7d8,
        type: 3}
      propertyPath: m_LocalPosition.y
      value: -0.03159997
      objectReference: {fileID: 0}
    - target: {fileID: 512780635487875528, guid: 6daa7eabe00984e80a860f46cdb2b7d8,
        type: 3}
      propertyPath: m_LocalPosition.z
      value: -0.15580001
      objectReference: {fileID: 0}
    - target: {fileID: 512780635487875528, guid: 6daa7eabe00984e80a860f46cdb2b7d8,
        type: 3}
      propertyPath: m_LocalRotation.x
      value: -0
      objectReference: {fileID: 0}
    - target: {fileID: 512780635487875528, guid: 6daa7eabe00984e80a860f46cdb2b7d8,
        type: 3}
      propertyPath: m_LocalRotation.y
      value: -0.8594787
      objectReference: {fileID: 0}
    - target: {fileID: 512780635487875528, guid: 6daa7eabe00984e80a860f46cdb2b7d8,
        type: 3}
      propertyPath: m_LocalRotation.z
      value: -0
      objectReference: {fileID: 0}
    - target: {fileID: 512780635487875528, guid: 6daa7eabe00984e80a860f46cdb2b7d8,
        type: 3}
      propertyPath: m_LocalRotation.w
      value: 0.5111716
      objectReference: {fileID: 0}
    - target: {fileID: 512780635487875528, guid: 6daa7eabe00984e80a860f46cdb2b7d8,
        type: 3}
      propertyPath: m_RootOrder
      value: 4
      objectReference: {fileID: 0}
    - target: {fileID: 512780635487875528, guid: 6daa7eabe00984e80a860f46cdb2b7d8,
        type: 3}
      propertyPath: m_LocalEulerAnglesHint.x
      value: 0
      objectReference: {fileID: 0}
    - target: {fileID: 512780635487875528, guid: 6daa7eabe00984e80a860f46cdb2b7d8,
        type: 3}
      propertyPath: m_LocalEulerAnglesHint.y
      value: 0
      objectReference: {fileID: 0}
    - target: {fileID: 512780635487875528, guid: 6daa7eabe00984e80a860f46cdb2b7d8,
        type: 3}
      propertyPath: m_LocalEulerAnglesHint.z
      value: 0
      objectReference: {fileID: 0}
    - target: {fileID: 512780635487875528, guid: 6daa7eabe00984e80a860f46cdb2b7d8,
        type: 3}
      propertyPath: m_LocalScale.x
      value: 0.020000001
      objectReference: {fileID: 0}
    - target: {fileID: 512780635487875528, guid: 6daa7eabe00984e80a860f46cdb2b7d8,
        type: 3}
      propertyPath: m_LocalScale.y
      value: 0.17999999
      objectReference: {fileID: 0}
    - target: {fileID: 512780635487875528, guid: 6daa7eabe00984e80a860f46cdb2b7d8,
        type: 3}
      propertyPath: m_LocalScale.z
      value: 0.23200002
      objectReference: {fileID: 0}
    - target: {fileID: 6710421339617342136, guid: 6daa7eabe00984e80a860f46cdb2b7d8,
        type: 3}
      propertyPath: m_Name
      value: ObstacleRemover
      objectReference: {fileID: 0}
    m_RemovedComponents: []
  m_SourcePrefab: {fileID: 100100000, guid: 6daa7eabe00984e80a860f46cdb2b7d8, type: 3}
--- !u!4 &8785897265491554417 stripped
Transform:
  m_CorrespondingSourceObject: {fileID: 512780635487875528, guid: 6daa7eabe00984e80a860f46cdb2b7d8,
    type: 3}
  m_PrefabInstance: {fileID: 9146815542140010937}
  m_PrefabAsset: {fileID: 0}
